@article{Taxonomy,
	author       = {Mark Utting, Alexander Pretschner, Bruno Legeard},
	journaltitle = {Taxonomy},
	month        = {04},
	number       = {1},
	pages        = {1--19},
	title        = {A taxonomy of Model-based testing},
	volume       = {34},
	year         = {2006},
    %note         = {\doi{10.1109/TCOM.1986.1096432}},
}
@article{Syllabus,
	author       = {Model-Based tester Working Group: Stephan Christmann (chair), Anne Kramer, Bruno Legeard, Armin Metzger, Natasa Micuda, Thomas Mueller, Stephan Schulz},
	journaltitle = {Syllabus},

	pages        = {8--35},
	title        = {ISTQB Foundation Level Certified Model-Based Tester},
	volume       = {34},
	year         = {2006},
	%note         = {\doi{10.1109/TCOM.1986.1096432}},
}
@misc{yEd,
	author       = {{yEd graph editor}},
	howpublished = {\url{https://www.yworks.com/products/yed}},
	title        = {xWorks the diagramming company (2016. december 13.)},
}